@ARTICLE{paulor.m.deandradeandrianob.albuquerque2015,
  author = "Paulo R. M. de Andrade and Andriano B. Albuquerque",
  title = "CROSS PLATFORM APP A COMPARATIVE STUDY",
  journal = "International Journal of Computer Science \& Information Technology (IJCSIT)",
  year="2015",
  volume="7",
  number="1",
  pages="33-40",
  month="feb"
}

@PHDTHESIS {,
    author  = "Mathias Martinez, Sylvain Lecomte",
    title   = "Towards the quality improvement of cross-platform mobile applications",
    school  = "Univ Lille Nord de France; Université de Valenciennes et du Hainaut Cambrésis, Laboratoire LAMIH - UMR CNRS 8201",
    year    = "2017",
    address = "F-59000 Lille France; F-59000 Lille, France",
    month   = "jan"
}
